@article{cloete2016design,
  title={Design of smart sensors for real-time water quality monitoring},
  author={Cloete, Niel Andre and Malekian, Reza and Nair, Lakshmi},
  journal={IEEE access},
  volume={4},
  pages={3975--3990},
  year={2016},
  publisher={IEEE}
}

@inproceedings{gopavanitha2017low,
  title={A low cost system for real time water quality monitoring and controlling using IoT},
  author={Gopavanitha, K and Nagaraju, Sholipuram},
  booktitle={2017 International conference on energy, communication, data analytics and soft computing (ICECDS)},
  pages={3227--3229},
  year={2017},
  organization={IEEE}
}

@inproceedings{de2017water,
  title={Water quality parameter correlation in a controlled aquaculture environment},
  author={De Belen, Marivic C and Cruz, Febus Reidj G},
  booktitle={2017IEEE 9th International Conference on Humanoid, Nanotechnology, Information Technology, Communication and Control, Environment and Management (HNICEM)},
  pages={1--4},
  year={2017},
  organization={IEEE}
}

@inproceedings{lambrou2012low,
  title={A low-cost system for real time monitoring and assessment of potable water quality at consumer sites},
  author={Lambrou, Theofanis P and Panayiotou, Christos G and Anastasiou, Christos C},
  booktitle={SENSORS, 2012 IEEE},
  pages={1--4},
  year={2012},
  organization={IEEE}
}

@article{ramos2008four,
  title={A four-terminal water-quality-monitoring conductivity sensor},
  author={Ramos, Pedro M and Pereira, JM Dias and Ramos, Helena M Geirinhas and Ribeiro, A Lopes},
  journal={IEEE Transactions on instrumentation and measurement},
  volume={57},
  number={3},
  pages={577--583},
  year={2008},
  publisher={IEEE}
}

@inproceedings{vijayakumar2015real,
  title={The real time monitoring of water quality in IoT environment},
  author={Vijayakumar, N and Ramya, and R},
  booktitle={2015 International Conference on Innovations in Information, Embedded and Communication Systems (ICIIECS)},
  pages={1--5},
  year={2015},
  organization={IEEE}
}

@inproceedings{wu2013water,
  title={Water environment monitoring system based on ZigBee wireless sensor network},
  author={Wu, LieGuo and Kong, Lingcheng and Zhang, Zhihua},
  booktitle={2013 IEEE 4th International Conference on Software Engineering and Service Science},
  pages={898--901},
  year={2013},
  organization={IEEE}
}

@article{hasan2019water,
  title={Water pollution in Bangladesh and its impact on public health},
  author={Hasan, Md Khalid and Shahriar, Abrar and Jim, Kudrat Ullah},
  journal={Heliyon},
  volume={5},
  number={8},
  pages={e02145},
  year={2019},
  publisher={Elsevier}
}

@article{radu2018environmental,
  title={Environmental Issues in Internet of Things: Challenges and Solutions},
  author={Radu, Laura-Diana and others},
  journal={Acta Universitatis Danubius. {\OE}conomica},
  volume={14},
  number={1},
  pages={20--32},
  year={2018},
  publisher={Editura Universitar{\u{a}} Danubius}
}

@article{popescul2014internet,
  title={Internet of Things--some ethical issues},
  author={Popescul, Daniela and Georgescu, Mircea},
  journal={The USV Annals of Economics and Public Administration},
  volume={13},
  number={2 (18)},
  pages={208--214},
  year={2014}
}


@inproceedings{raju2017knowledge,
  title={Knowledge based real time monitoring system for aquaculture using IoT},
  author={Raju, K Raghu Sita Rama and Varma, G Harish Kumar},
  booktitle={2017 IEEE 7th international advance computing conference (IACC)},
  pages={318--321},
  year={2017},
  organization={IEEE}
}

@inproceedings{ramesh2017water,
  title={Water quality monitoring and waste management using IoT},
  author={Ramesh, Maneesha V and Nibi, KV and Kurup, Anupama and Mohan, Renjith and Aiswarya, A and Arsha, A and Sarang, PR},
  booktitle={2017 IEEE Global Humanitarian Technology Conference (GHTC)},
  pages={1--7},
  year={2017},
  organization={IEEE}
}

@article{gubbi2013internet,
  title={Internet of Things (IoT): A vision, architectural elements, and future directions},
  author={Gubbi, Jayavardhana and Buyya, Rajkumar and Marusic, Slaven and Palaniswami, Marimuthu},
  journal={Future generation computer systems},
  volume={29},
  number={7},
  pages={1645--1660},
  year={2013},
  publisher={Elsevier}
}

@article{geetha2016internet,
  title={Internet of things enabled real time water quality monitoring system},
  author={Geetha, S and Gouthami, SJSW},
  journal={Smart Water},
  volume={2},
  number={1},
  pages={1--19},
  year={2016},
  publisher={SpringerOpen}
}

@article{dong2015survey,
  title={A survey of smart water quality monitoring system},
  author={Dong, Jianhua and Wang, Guoyin and Yan, Huyong and Xu, Ji and Zhang, Xuerui},
  journal={Environmental Science and Pollution Research},
  volume={22},
  number={7},
  pages={4893--4906},
  year={2015},
  publisher={Springer}
}

@article{banna2014online,
  title={Online drinking water quality monitoring: review on available and emerging technologies},
  author={Banna, Muinul H and Imran, Syed and Francisque, Alex and Najjaran, Homayoun and Sadiq, Rehan and Rodriguez, Manuel and Hoorfar, Mina},
  journal={Critical Reviews in Environmental Science and Technology},
  volume={44},
  number={12},
  pages={1370--1421},
  year={2014},
  publisher={Taylor \& Francis}
}

@article{barabde2015real,
  title={Real time water quality monitoring system},
  author={Barabde, Mithila and Danve, Shruti},
  journal={International Journal of Innovative Research in Computer and Communication Engineering},
  volume={3},
  number={6},
  pages={5064--5069},
  year={2015}
}

@inproceedings{kageyama2016wireless,
  title={A wireless sensor network platform for water quality monitoring},
  author={Kageyama, Tomoaki and Miura, Masashi and Maeda, Akihiro and Mori, Akihiro and Lee, Sang-Seok},
  booktitle={2016 IEEE SENSORS},
  pages={1--3},
  year={2016},
  organization={IEEE}
}

@article{hur2008using,
  title={Using synchronous fluorescence technique as a water quality monitoring tool for an urban river},
  author={Hur, Jin and Hwang, Soon-Jin and Shin, Jae-Ki},
  journal={Water, air, and soil pollution},
  volume={191},
  number={1},
  pages={231--243},
  year={2008},
  publisher={Springer}
}

@inproceedings{silva2011web,
  title={Web based water quality monitoring with sensor network: Employing ZigBee and WiMax technologies},
  author={Silva, Steven and Nguyen, Hoang Nghia and Tiporlini, Valentina and Alameh, Kamal},
  booktitle={8th International Conference on High-capacity Optical Networks and Emerging Technologies},
  pages={138--142},
  year={2011},
  organization={IEEE}
}

@article{priya2018design,
  title={Design of smart sensors for real time drinking water quality monitoring and contamination detection in water distributed mains},
  author={Priya, S Kavi and Shenbagalakshmi, G and Revathi, T},
  journal={International Journal of Engineering \& Technology},
  volume={7},
  number={1.1},
  pages={47--51},
  year={2018}
}

@inproceedings{prasad2015smart,
  title={Smart water quality monitoring system},
  author={Prasad, AN and Mamun, K Al and Islam, FR and Haqva, Haq},
  booktitle={2015 2nd Asia-Pacific World Congress on Computer Science and Engineering (APWC on CSE)},
  pages={1--6},
  year={2015},
  organization={IEEE}
}

@inproceedings{zhang2010design,
  title={Design and development of water quality monitoring system based on wireless sensor network in aquaculture},
  author={Zhang, Mingfei and Li, Daoliang and Wang, Lianzhi and Ma, Daokun and Ding, Qisheng},
  booktitle={International Conference on Computer and Computing Technologies in Agriculture},
  pages={629--641},
  year={2010},
  organization={Springer}
}

@inproceedings{islam2020developing,
  title={Developing an IoT Based Water Pollution Monitoring System},
  author={Islam, Md Mazharul and Arefin, Mohammad Shamsul and Khatun, Sumi and Mokarrama, Miftahul Jannat and Mahi, Atqiya Munawara},
  booktitle={International Conference on Image Processing and Capsule Networks},
  pages={561--573},
  year={2020},
  organization={Springer}
}